@book{sauer2013numerical,
  title={Numerical Analysis},
  author={Sauer, T.},
  isbn={9781292023588},
  series={Pearson custom library},
  url={https://books.google.co.id/books?id=NTxungEACAAJ},
  year={2013},
  publisher={Pearson}
}

@misc{cvl,
  author = {Charles Van Loan},
  title = {{Charles Van Loan Lecture Notes on Numerical Analysis}},
  howpublished = "\url{https://www.cs.cornell.edu/courses/cs4210/2015fa/CVLBook/CVL12349.PDF}",
  year = {2015}, 
  note = "[Daring; Diakses pada 11 Juni 2021]"
}

@misc{jod,
  author = {Jodi Mead},
  title = {{Polynomial Interpolation}},
  howpublished = "\url{https://jodimead.github.io/files/m365/interpolation.pdf}",
  year = {2019}, 
  note = "[Daring; Diakses pada 11 Juni 2021]"
}
